@misc{squigglearrow,
    title = "How to create a squiggle arrow with some text on it in TikZ? - TeX - LaTeX Stack Exchange",
    author = "Stack Overflow",
    howpublished = {\url{http://tex.stackexchange.com/questions/60216/how-to-create-a-squiggle-arrow-with-some-text-on-it-in-tikz}}
}
